%YAML 1.1
%TAG !u! tag:unity3d.com,2011:
--- !u!1 &155163633074789593
GameObject:
  m_ObjectHideFlags: 0
  m_CorrespondingSourceObject: {fileID: 0}
  m_PrefabInstance: {fileID: 0}
  m_PrefabAsset: {fileID: 0}
  serializedVersion: 6
  m_Component:
  - component: {fileID: 45617279283161584}
  m_Layer: 0
  m_Name: PlayerMechanics
  m_TagString: Untagged
  m_Icon: {fileID: 0}
  m_NavMeshLayer: 0
  m_StaticEditorFlags: 0
  m_IsActive: 1
--- !u!4 &45617279283161584
Transform:
  m_ObjectHideFlags: 0
  m_CorrespondingSourceObject: {fileID: 0}
  m_PrefabInstance: {fileID: 0}
  m_PrefabAsset: {fileID: 0}
  m_GameObject: {fileID: 155163633074789593}
  m_LocalRotation: {x: -0, y: -0, z: -0, w: 1}
  m_LocalPosition: {x: 714.3645, y: -90.78741, z: 471.56256}
  m_LocalScale: {x: 1, y: 1, z: 1}
  m_ConstrainProportionsScale: 0
  m_Children:
  - {fileID: 2938037654707235454}
  - {fileID: 2930913449164144272}
  m_Father: {fileID: 7055245110091068060}
  m_RootOrder: 5
  m_LocalEulerAnglesHint: {x: 0, y: 0, z: 0}
--- !u!1 &3411416566634744573
GameObject:
  m_ObjectHideFlags: 0
  m_CorrespondingSourceObject: {fileID: 0}
  m_PrefabInstance: {fileID: 0}
  m_PrefabAsset: {fileID: 0}
  serializedVersion: 6
  m_Component:
  - component: {fileID: 7055245110091068060}
  m_Layer: 0
  m_Name: PlatformerEngine
  m_TagString: Untagged
  m_Icon: {fileID: 0}
  m_NavMeshLayer: 0
  m_StaticEditorFlags: 0
  m_IsActive: 1
--- !u!4 &7055245110091068060
Transform:
  m_ObjectHideFlags: 0
  m_CorrespondingSourceObject: {fileID: 0}
  m_PrefabInstance: {fileID: 0}
  m_PrefabAsset: {fileID: 0}
  m_GameObject: {fileID: 3411416566634744573}
  m_LocalRotation: {x: 0, y: 0, z: 0, w: 1}
  m_LocalPosition: {x: 0, y: 0, z: 0}
  m_LocalScale: {x: 1, y: 1, z: 1}
  m_ConstrainProportionsScale: 0
  m_Children:
  - {fileID: 8809592587295343141}
  - {fileID: 1362650154375194878}
  - {fileID: 8478080460292736274}
  - {fileID: 542106700773987377}
  - {fileID: 3882601442766003007}
  - {fileID: 45617279283161584}
  - {fileID: 3337766640115388158}
  m_Father: {fileID: 0}
  m_RootOrder: 0
  m_LocalEulerAnglesHint: {x: 0, y: 0, z: 0}
--- !u!1 &7655716219641941315
GameObject:
  m_ObjectHideFlags: 0
  m_CorrespondingSourceObject: {fileID: 0}
  m_PrefabInstance: {fileID: 0}
  m_PrefabAsset: {fileID: 0}
  serializedVersion: 6
  m_Component:
  - component: {fileID: 3337766640115388158}
  m_Layer: 0
  m_Name: Collectibles
  m_TagString: Untagged
  m_Icon: {fileID: 0}
  m_NavMeshLayer: 0
  m_StaticEditorFlags: 0
  m_IsActive: 1
--- !u!4 &3337766640115388158
Transform:
  m_ObjectHideFlags: 0
  m_CorrespondingSourceObject: {fileID: 0}
  m_PrefabInstance: {fileID: 0}
  m_PrefabAsset: {fileID: 0}
  m_GameObject: {fileID: 7655716219641941315}
  m_LocalRotation: {x: 0, y: 0, z: 0, w: 1}
  m_LocalPosition: {x: 0, y: 0, z: 0}
  m_LocalScale: {x: 1, y: 1, z: 1}
  m_ConstrainProportionsScale: 0
  m_Children:
  - {fileID: 1549256779345010867}
  m_Father: {fileID: 7055245110091068060}
  m_RootOrder: 6
  m_LocalEulerAnglesHint: {x: 0, y: 0, z: 0}
--- !u!1001 &957699525272643299
PrefabInstance:
  m_ObjectHideFlags: 0
  serializedVersion: 2
  m_Modification:
    serializedVersion: 3
    m_TransformParent: {fileID: 7055245110091068060}
    m_Modifications:
    - target: {fileID: 872718565273613970, guid: 6cb122b62edf86e4eb6499739690c7b0,
        type: 3}
      propertyPath: playerObject
      value: 
      objectReference: {fileID: 3882601442766003007}
    - target: {fileID: 1427848066265196605, guid: 6cb122b62edf86e4eb6499739690c7b0,
        type: 3}
      propertyPath: playerObject
      value: 
      objectReference: {fileID: 3882601442766003007}
    - target: {fileID: 8578120805710881977, guid: 6cb122b62edf86e4eb6499739690c7b0,
        type: 3}
      propertyPath: m_AllowMSAA
      value: 0
      objectReference: {fileID: 0}
    - target: {fileID: 8578120805710881977, guid: 6cb122b62edf86e4eb6499739690c7b0,
        type: 3}
      propertyPath: orthographic size
      value: 10
      objectReference: {fileID: 0}
    - target: {fileID: 8578120805710881977, guid: 6cb122b62edf86e4eb6499739690c7b0,
        type: 3}
      propertyPath: m_BackGroundColor.b
      value: 1
      objectReference: {fileID: 0}
    - target: {fileID: 8578120805710881977, guid: 6cb122b62edf86e4eb6499739690c7b0,
        type: 3}
      propertyPath: m_BackGroundColor.g
      value: 1
      objectReference: {fileID: 0}
    - target: {fileID: 8578120805710881977, guid: 6cb122b62edf86e4eb6499739690c7b0,
        type: 3}
      propertyPath: m_BackGroundColor.r
      value: 1
      objectReference: {fileID: 0}
    - target: {fileID: 8578120805710881977, guid: 6cb122b62edf86e4eb6499739690c7b0,
        type: 3}
      propertyPath: m_CullingMask.m_Bits
      value: 524279
      objectReference: {fileID: 0}
    - target: {fileID: 8578120805710881978, guid: 6cb122b62edf86e4eb6499739690c7b0,
        type: 3}
      propertyPath: m_Name
      value: Camera
      objectReference: {fileID: 0}
    - target: {fileID: 8578120805710881979, guid: 6cb122b62edf86e4eb6499739690c7b0,
        type: 3}
      propertyPath: m_Cameras.Array.size
      value: 0
      objectReference: {fileID: 0}
    - target: {fileID: 8578120805710881988, guid: 6cb122b62edf86e4eb6499739690c7b0,
        type: 3}
      propertyPath: playerObject
      value: 
      objectReference: {fileID: 3882601442766003007}
    - target: {fileID: 8578120805710881989, guid: 6cb122b62edf86e4eb6499739690c7b0,
        type: 3}
      propertyPath: playerObject
      value: 
      objectReference: {fileID: 3882601442766003007}
    - target: {fileID: 8578120805710881990, guid: 6cb122b62edf86e4eb6499739690c7b0,
        type: 3}
      propertyPath: m_RootOrder
      value: 0
      objectReference: {fileID: 0}
    - target: {fileID: 8578120805710881990, guid: 6cb122b62edf86e4eb6499739690c7b0,
        type: 3}
      propertyPath: m_LocalPosition.x
      value: 376.56
      objectReference: {fileID: 0}
    - target: {fileID: 8578120805710881990, guid: 6cb122b62edf86e4eb6499739690c7b0,
        type: 3}
      propertyPath: m_LocalPosition.y
      value: 4.37
      objectReference: {fileID: 0}
    - target: {fileID: 8578120805710881990, guid: 6cb122b62edf86e4eb6499739690c7b0,
        type: 3}
      propertyPath: m_LocalPosition.z
      value: 97.31
      objectReference: {fileID: 0}
    - target: {fileID: 8578120805710881990, guid: 6cb122b62edf86e4eb6499739690c7b0,
        type: 3}
      propertyPath: m_LocalRotation.w
      value: 1
      objectReference: {fileID: 0}
    - target: {fileID: 8578120805710881990, guid: 6cb122b62edf86e4eb6499739690c7b0,
        type: 3}
      propertyPath: m_LocalRotation.x
      value: 0
      objectReference: {fileID: 0}
    - target: {fileID: 8578120805710881990, guid: 6cb122b62edf86e4eb6499739690c7b0,
        type: 3}
      propertyPath: m_LocalRotation.y
      value: 0
      objectReference: {fileID: 0}
    - target: {fileID: 8578120805710881990, guid: 6cb122b62edf86e4eb6499739690c7b0,
        type: 3}
      propertyPath: m_LocalRotation.z
      value: 0
      objectReference: {fileID: 0}
    - target: {fileID: 8578120805710881990, guid: 6cb122b62edf86e4eb6499739690c7b0,
        type: 3}
      propertyPath: m_LocalEulerAnglesHint.x
      value: 0
      objectReference: {fileID: 0}
    - target: {fileID: 8578120805710881990, guid: 6cb122b62edf86e4eb6499739690c7b0,
        type: 3}
      propertyPath: m_LocalEulerAnglesHint.y
      value: 0
      objectReference: {fileID: 0}
    - target: {fileID: 8578120805710881990, guid: 6cb122b62edf86e4eb6499739690c7b0,
        type: 3}
      propertyPath: m_LocalEulerAnglesHint.z
      value: 0
      objectReference: {fileID: 0}
    - target: {fileID: 8578120805710881991, guid: 6cb122b62edf86e4eb6499739690c7b0,
        type: 3}
      propertyPath: playerObject
      value: 
      objectReference: {fileID: 3882601442766003007}
    m_RemovedComponents:
    - {fileID: 8578120805710881991, guid: 6cb122b62edf86e4eb6499739690c7b0, type: 3}
    - {fileID: 1427848066265196605, guid: 6cb122b62edf86e4eb6499739690c7b0, type: 3}
    - {fileID: 8578120805710881988, guid: 6cb122b62edf86e4eb6499739690c7b0, type: 3}
    - {fileID: 8578120805710881989, guid: 6cb122b62edf86e4eb6499739690c7b0, type: 3}
    - {fileID: 872718565273613970, guid: 6cb122b62edf86e4eb6499739690c7b0, type: 3}
    m_RemovedGameObjects: []
    m_AddedGameObjects: []
    m_AddedComponents:
    - targetCorrespondingSourceObject: {fileID: 8578120805710881978, guid: 6cb122b62edf86e4eb6499739690c7b0,
        type: 3}
      insertIndex: -1
      addedObject: {fileID: 2262582920102967674}
    - targetCorrespondingSourceObject: {fileID: 8578120805710881978, guid: 6cb122b62edf86e4eb6499739690c7b0,
        type: 3}
      insertIndex: -1
      addedObject: {fileID: 2956437917732373971}
    - targetCorrespondingSourceObject: {fileID: 8578120805710881978, guid: 6cb122b62edf86e4eb6499739690c7b0,
        type: 3}
      insertIndex: -1
      addedObject: {fileID: 7981656873302326483}
  m_SourcePrefab: {fileID: 100100000, guid: 6cb122b62edf86e4eb6499739690c7b0, type: 3}
--- !u!4 &8809592587295343141 stripped
Transform:
  m_CorrespondingSourceObject: {fileID: 8578120805710881990, guid: 6cb122b62edf86e4eb6499739690c7b0,
    type: 3}
  m_PrefabInstance: {fileID: 957699525272643299}
  m_PrefabAsset: {fileID: 0}
--- !u!1 &8809592587295343193 stripped
GameObject:
  m_CorrespondingSourceObject: {fileID: 8578120805710881978, guid: 6cb122b62edf86e4eb6499739690c7b0,
    type: 3}
  m_PrefabInstance: {fileID: 957699525272643299}
  m_PrefabAsset: {fileID: 0}
--- !u!114 &2262582920102967674
MonoBehaviour:
  m_ObjectHideFlags: 0
  m_CorrespondingSourceObject: {fileID: 0}
  m_PrefabInstance: {fileID: 0}
  m_PrefabAsset: {fileID: 0}
  m_GameObject: {fileID: 8809592587295343193}
  m_Enabled: 1
  m_EditorHideFlags: 0
  m_Script: {fileID: 11500000, guid: 9ba816146ab57e9419c80ebb4f185eed, type: 3}
  m_Name: 
  m_EditorClassIdentifier: 
--- !u!114 &2956437917732373971
MonoBehaviour:
  m_ObjectHideFlags: 0
  m_CorrespondingSourceObject: {fileID: 0}
  m_PrefabInstance: {fileID: 0}
  m_PrefabAsset: {fileID: 0}
  m_GameObject: {fileID: 8809592587295343193}
  m_Enabled: 1
  m_EditorHideFlags: 0
  m_Script: {fileID: 11500000, guid: ac87e1ef018e8b34c82755f9976e5fda, type: 3}
  m_Name: 
  m_EditorClassIdentifier: 
--- !u!114 &7981656873302326483
MonoBehaviour:
  m_ObjectHideFlags: 0
  m_CorrespondingSourceObject: {fileID: 0}
  m_PrefabInstance: {fileID: 0}
  m_PrefabAsset: {fileID: 0}
  m_GameObject: {fileID: 8809592587295343193}
  m_Enabled: 1
  m_EditorHideFlags: 0
  m_Script: {fileID: 11500000, guid: bd6b36e439032cb4a872f70b79f847e6, type: 3}
  m_Name: 
  m_EditorClassIdentifier: 
--- !u!1001 &1167118961500574267
PrefabInstance:
  m_ObjectHideFlags: 0
  serializedVersion: 2
  m_Modification:
    serializedVersion: 3
    m_TransformParent: {fileID: 7055245110091068060}
    m_Modifications:
    - target: {fileID: 205876523628460741, guid: 48ba0245d467c764796afd5ab3c7362e,
        type: 3}
      propertyPath: m_RootOrder
      value: 1
      objectReference: {fileID: 0}
    - target: {fileID: 205876523628460741, guid: 48ba0245d467c764796afd5ab3c7362e,
        type: 3}
      propertyPath: m_LocalPosition.x
      value: 724.0614
      objectReference: {fileID: 0}
    - target: {fileID: 205876523628460741, guid: 48ba0245d467c764796afd5ab3c7362e,
        type: 3}
      propertyPath: m_LocalPosition.y
      value: -87.81574
      objectReference: {fileID: 0}
    - target: {fileID: 205876523628460741, guid: 48ba0245d467c764796afd5ab3c7362e,
        type: 3}
      propertyPath: m_LocalPosition.z
      value: 441.5112
      objectReference: {fileID: 0}
    - target: {fileID: 205876523628460741, guid: 48ba0245d467c764796afd5ab3c7362e,
        type: 3}
      propertyPath: m_LocalRotation.w
      value: 1
      objectReference: {fileID: 0}
    - target: {fileID: 205876523628460741, guid: 48ba0245d467c764796afd5ab3c7362e,
        type: 3}
      propertyPath: m_LocalRotation.x
      value: 0
      objectReference: {fileID: 0}
    - target: {fileID: 205876523628460741, guid: 48ba0245d467c764796afd5ab3c7362e,
        type: 3}
      propertyPath: m_LocalRotation.y
      value: 0
      objectReference: {fileID: 0}
    - target: {fileID: 205876523628460741, guid: 48ba0245d467c764796afd5ab3c7362e,
        type: 3}
      propertyPath: m_LocalRotation.z
      value: 0
      objectReference: {fileID: 0}
    - target: {fileID: 205876523628460741, guid: 48ba0245d467c764796afd5ab3c7362e,
        type: 3}
      propertyPath: m_LocalEulerAnglesHint.x
      value: 0
      objectReference: {fileID: 0}
    - target: {fileID: 205876523628460741, guid: 48ba0245d467c764796afd5ab3c7362e,
        type: 3}
      propertyPath: m_LocalEulerAnglesHint.y
      value: 0
      objectReference: {fileID: 0}
    - target: {fileID: 205876523628460741, guid: 48ba0245d467c764796afd5ab3c7362e,
        type: 3}
      propertyPath: m_LocalEulerAnglesHint.z
      value: 0
      objectReference: {fileID: 0}
    - target: {fileID: 205876523628460747, guid: 48ba0245d467c764796afd5ab3c7362e,
        type: 3}
      propertyPath: m_Name
      value: GUISuperObject
      objectReference: {fileID: 0}
    m_RemovedComponents: []
    m_RemovedGameObjects: []
    m_AddedGameObjects: []
    m_AddedComponents: []
  m_SourcePrefab: {fileID: 100100000, guid: 48ba0245d467c764796afd5ab3c7362e, type: 3}
--- !u!4 &1362650154375194878 stripped
Transform:
  m_CorrespondingSourceObject: {fileID: 205876523628460741, guid: 48ba0245d467c764796afd5ab3c7362e,
    type: 3}
  m_PrefabInstance: {fileID: 1167118961500574267}
  m_PrefabAsset: {fileID: 0}
--- !u!1001 &1694335254273029728
PrefabInstance:
  m_ObjectHideFlags: 0
  serializedVersion: 2
  m_Modification:
    serializedVersion: 3
    m_TransformParent: {fileID: 3337766640115388158}
    m_Modifications:
    - target: {fileID: 145078612857771731, guid: f06e760c692d35c49ac8d3d1afb8ab28,
        type: 3}
      propertyPath: m_RootOrder
      value: 0
      objectReference: {fileID: 0}
    - target: {fileID: 145078612857771731, guid: f06e760c692d35c49ac8d3d1afb8ab28,
        type: 3}
      propertyPath: m_LocalPosition.x
      value: 715.7
      objectReference: {fileID: 0}
    - target: {fileID: 145078612857771731, guid: f06e760c692d35c49ac8d3d1afb8ab28,
        type: 3}
      propertyPath: m_LocalPosition.y
      value: -96.48
      objectReference: {fileID: 0}
    - target: {fileID: 145078612857771731, guid: f06e760c692d35c49ac8d3d1afb8ab28,
        type: 3}
      propertyPath: m_LocalPosition.z
      value: 453.42
      objectReference: {fileID: 0}
    - target: {fileID: 145078612857771731, guid: f06e760c692d35c49ac8d3d1afb8ab28,
        type: 3}
      propertyPath: m_LocalRotation.w
      value: 1
      objectReference: {fileID: 0}
    - target: {fileID: 145078612857771731, guid: f06e760c692d35c49ac8d3d1afb8ab28,
        type: 3}
      propertyPath: m_LocalRotation.x
      value: 0
      objectReference: {fileID: 0}
    - target: {fileID: 145078612857771731, guid: f06e760c692d35c49ac8d3d1afb8ab28,
        type: 3}
      propertyPath: m_LocalRotation.y
      value: -0
      objectReference: {fileID: 0}
    - target: {fileID: 145078612857771731, guid: f06e760c692d35c49ac8d3d1afb8ab28,
        type: 3}
      propertyPath: m_LocalRotation.z
      value: -0
      objectReference: {fileID: 0}
    - target: {fileID: 145078612857771731, guid: f06e760c692d35c49ac8d3d1afb8ab28,
        type: 3}
      propertyPath: m_LocalEulerAnglesHint.x
      value: 0
      objectReference: {fileID: 0}
    - target: {fileID: 145078612857771731, guid: f06e760c692d35c49ac8d3d1afb8ab28,
        type: 3}
      propertyPath: m_LocalEulerAnglesHint.y
      value: 0
      objectReference: {fileID: 0}
    - target: {fileID: 145078612857771731, guid: f06e760c692d35c49ac8d3d1afb8ab28,
        type: 3}
      propertyPath: m_LocalEulerAnglesHint.z
      value: 0
      objectReference: {fileID: 0}
    - target: {fileID: 668991898527239273, guid: f06e760c692d35c49ac8d3d1afb8ab28,
        type: 3}
      propertyPath: m_Name
      value: Goldjewel
      objectReference: {fileID: 0}
    m_RemovedComponents: []
    m_RemovedGameObjects: []
    m_AddedGameObjects: []
    m_AddedComponents: []
  m_SourcePrefab: {fileID: 100100000, guid: f06e760c692d35c49ac8d3d1afb8ab28, type: 3}
--- !u!4 &1549256779345010867 stripped
Transform:
  m_CorrespondingSourceObject: {fileID: 145078612857771731, guid: f06e760c692d35c49ac8d3d1afb8ab28,
    type: 3}
  m_PrefabInstance: {fileID: 1694335254273029728}
  m_PrefabAsset: {fileID: 0}
--- !u!1001 &4387265926194139488
PrefabInstance:
  m_ObjectHideFlags: 0
  serializedVersion: 2
  m_Modification:
    serializedVersion: 3
    m_TransformParent: {fileID: 7055245110091068060}
    m_Modifications:
    - target: {fileID: 5281176861825029234, guid: 3dd4559aeb72cab4785ca529df509c5b,
        type: 3}
      propertyPath: m_RootOrder
      value: 2
      objectReference: {fileID: 0}
    - target: {fileID: 5281176861825029234, guid: 3dd4559aeb72cab4785ca529df509c5b,
        type: 3}
      propertyPath: m_LocalPosition.x
      value: 0
      objectReference: {fileID: 0}
    - target: {fileID: 5281176861825029234, guid: 3dd4559aeb72cab4785ca529df509c5b,
        type: 3}
      propertyPath: m_LocalPosition.y
      value: 0
      objectReference: {fileID: 0}
    - target: {fileID: 5281176861825029234, guid: 3dd4559aeb72cab4785ca529df509c5b,
        type: 3}
      propertyPath: m_LocalPosition.z
      value: 0
      objectReference: {fileID: 0}
    - target: {fileID: 5281176861825029234, guid: 3dd4559aeb72cab4785ca529df509c5b,
        type: 3}
      propertyPath: m_LocalRotation.w
      value: 1
      objectReference: {fileID: 0}
    - target: {fileID: 5281176861825029234, guid: 3dd4559aeb72cab4785ca529df509c5b,
        type: 3}
      propertyPath: m_LocalRotation.x
      value: 0
      objectReference: {fileID: 0}
    - target: {fileID: 5281176861825029234, guid: 3dd4559aeb72cab4785ca529df509c5b,
        type: 3}
      propertyPath: m_LocalRotation.y
      value: 0
      objectReference: {fileID: 0}
    - target: {fileID: 5281176861825029234, guid: 3dd4559aeb72cab4785ca529df509c5b,
        type: 3}
      propertyPath: m_LocalRotation.z
      value: 0
      objectReference: {fileID: 0}
    - target: {fileID: 5281176861825029234, guid: 3dd4559aeb72cab4785ca529df509c5b,
        type: 3}
      propertyPath: m_LocalEulerAnglesHint.x
      value: 0
      objectReference: {fileID: 0}
    - target: {fileID: 5281176861825029234, guid: 3dd4559aeb72cab4785ca529df509c5b,
        type: 3}
      propertyPath: m_LocalEulerAnglesHint.y
      value: 0
      objectReference: {fileID: 0}
    - target: {fileID: 5281176861825029234, guid: 3dd4559aeb72cab4785ca529df509c5b,
        type: 3}
      propertyPath: m_LocalEulerAnglesHint.z
      value: 0
      objectReference: {fileID: 0}
    - target: {fileID: 5281176861825029236, guid: 3dd4559aeb72cab4785ca529df509c5b,
        type: 3}
      propertyPath: m_Name
      value: SuperObject
      objectReference: {fileID: 0}
    m_RemovedComponents:
    - {fileID: 5281176861825029232, guid: 3dd4559aeb72cab4785ca529df509c5b, type: 3}
    m_RemovedGameObjects: []
    m_AddedGameObjects: []
    m_AddedComponents: []
  m_SourcePrefab: {fileID: 100100000, guid: 3dd4559aeb72cab4785ca529df509c5b, type: 3}
--- !u!4 &8478080460292736274 stripped
Transform:
  m_CorrespondingSourceObject: {fileID: 5281176861825029234, guid: 3dd4559aeb72cab4785ca529df509c5b,
    type: 3}
  m_PrefabInstance: {fileID: 4387265926194139488}
  m_PrefabAsset: {fileID: 0}
--- !u!1001 &4483387604370859761
PrefabInstance:
  m_ObjectHideFlags: 0
  serializedVersion: 2
  m_Modification:
    serializedVersion: 3
    m_TransformParent: {fileID: 45617279283161584}
    m_Modifications:
    - target: {fileID: 1656815501300583567, guid: bdf897ce02d69964491b2c85f2f484f1,
        type: 3}
      propertyPath: m_RootOrder
      value: 0
      objectReference: {fileID: 0}
    - target: {fileID: 1656815501300583567, guid: bdf897ce02d69964491b2c85f2f484f1,
        type: 3}
      propertyPath: m_LocalPosition.x
      value: -51.464478
      objectReference: {fileID: 0}
    - target: {fileID: 1656815501300583567, guid: bdf897ce02d69964491b2c85f2f484f1,
        type: 3}
      propertyPath: m_LocalPosition.y
      value: -7.0625916
      objectReference: {fileID: 0}
    - target: {fileID: 1656815501300583567, guid: bdf897ce02d69964491b2c85f2f484f1,
        type: 3}
      propertyPath: m_LocalPosition.z
      value: 11.777435
      objectReference: {fileID: 0}
    - target: {fileID: 1656815501300583567, guid: bdf897ce02d69964491b2c85f2f484f1,
        type: 3}
      propertyPath: m_LocalRotation.w
      value: 1
      objectReference: {fileID: 0}
    - target: {fileID: 1656815501300583567, guid: bdf897ce02d69964491b2c85f2f484f1,
        type: 3}
      propertyPath: m_LocalRotation.x
      value: -0
      objectReference: {fileID: 0}
    - target: {fileID: 1656815501300583567, guid: bdf897ce02d69964491b2c85f2f484f1,
        type: 3}
      propertyPath: m_LocalRotation.y
      value: -0
      objectReference: {fileID: 0}
    - target: {fileID: 1656815501300583567, guid: bdf897ce02d69964491b2c85f2f484f1,
        type: 3}
      propertyPath: m_LocalRotation.z
      value: -0
      objectReference: {fileID: 0}
    - target: {fileID: 1656815501300583567, guid: bdf897ce02d69964491b2c85f2f484f1,
        type: 3}
      propertyPath: m_LocalEulerAnglesHint.x
      value: 0
      objectReference: {fileID: 0}
    - target: {fileID: 1656815501300583567, guid: bdf897ce02d69964491b2c85f2f484f1,
        type: 3}
      propertyPath: m_LocalEulerAnglesHint.y
      value: 0
      objectReference: {fileID: 0}
    - target: {fileID: 1656815501300583567, guid: bdf897ce02d69964491b2c85f2f484f1,
        type: 3}
      propertyPath: m_LocalEulerAnglesHint.z
      value: 0
      objectReference: {fileID: 0}
    - target: {fileID: 2140863793697232437, guid: bdf897ce02d69964491b2c85f2f484f1,
        type: 3}
      propertyPath: m_Name
      value: RIGHT_HAND_OBJ
      objectReference: {fileID: 0}
    m_RemovedComponents: []
    m_RemovedGameObjects: []
    m_AddedGameObjects: []
    m_AddedComponents: []
  m_SourcePrefab: {fileID: 100100000, guid: bdf897ce02d69964491b2c85f2f484f1, type: 3}
--- !u!4 &2938037654707235454 stripped
Transform:
  m_CorrespondingSourceObject: {fileID: 1656815501300583567, guid: bdf897ce02d69964491b2c85f2f484f1,
    type: 3}
  m_PrefabInstance: {fileID: 4483387604370859761}
  m_PrefabAsset: {fileID: 0}
--- !u!1001 &4490795450629501471
PrefabInstance:
  m_ObjectHideFlags: 0
  serializedVersion: 2
  m_Modification:
    serializedVersion: 3
    m_TransformParent: {fileID: 45617279283161584}
    m_Modifications:
    - target: {fileID: 1656815501300583567, guid: 4a89993bf566ac2448604417e185a75e,
        type: 3}
      propertyPath: m_RootOrder
      value: 1
      objectReference: {fileID: 0}
    - target: {fileID: 1656815501300583567, guid: 4a89993bf566ac2448604417e185a75e,
        type: 3}
      propertyPath: m_LocalPosition.x
      value: 662.9
      objectReference: {fileID: 0}
    - target: {fileID: 1656815501300583567, guid: 4a89993bf566ac2448604417e185a75e,
        type: 3}
      propertyPath: m_LocalPosition.y
      value: -97.84298
      objectReference: {fileID: 0}
    - target: {fileID: 1656815501300583567, guid: 4a89993bf566ac2448604417e185a75e,
        type: 3}
      propertyPath: m_LocalPosition.z
      value: 483.33417
      objectReference: {fileID: 0}
    - target: {fileID: 1656815501300583567, guid: 4a89993bf566ac2448604417e185a75e,
        type: 3}
      propertyPath: m_LocalRotation.w
      value: 1
      objectReference: {fileID: 0}
    - target: {fileID: 1656815501300583567, guid: 4a89993bf566ac2448604417e185a75e,
        type: 3}
      propertyPath: m_LocalRotation.x
      value: 0
      objectReference: {fileID: 0}
    - target: {fileID: 1656815501300583567, guid: 4a89993bf566ac2448604417e185a75e,
        type: 3}
      propertyPath: m_LocalRotation.y
      value: 0
      objectReference: {fileID: 0}
    - target: {fileID: 1656815501300583567, guid: 4a89993bf566ac2448604417e185a75e,
        type: 3}
      propertyPath: m_LocalRotation.z
      value: 0
      objectReference: {fileID: 0}
    - target: {fileID: 1656815501300583567, guid: 4a89993bf566ac2448604417e185a75e,
        type: 3}
      propertyPath: m_LocalEulerAnglesHint.x
      value: 0
      objectReference: {fileID: 0}
    - target: {fileID: 1656815501300583567, guid: 4a89993bf566ac2448604417e185a75e,
        type: 3}
      propertyPath: m_LocalEulerAnglesHint.y
      value: 0
      objectReference: {fileID: 0}
    - target: {fileID: 1656815501300583567, guid: 4a89993bf566ac2448604417e185a75e,
        type: 3}
      propertyPath: m_LocalEulerAnglesHint.z
      value: 0
      objectReference: {fileID: 0}
    - target: {fileID: 2140863793697232437, guid: 4a89993bf566ac2448604417e185a75e,
        type: 3}
      propertyPath: m_Name
      value: RIGHT_HAND_OBJ_PURPLE_LUM
      objectReference: {fileID: 0}
    m_RemovedComponents: []
    m_RemovedGameObjects: []
    m_AddedGameObjects: []
    m_AddedComponents: []
  m_SourcePrefab: {fileID: 100100000, guid: 4a89993bf566ac2448604417e185a75e, type: 3}
--- !u!4 &2930913449164144272 stripped
Transform:
  m_CorrespondingSourceObject: {fileID: 1656815501300583567, guid: 4a89993bf566ac2448604417e185a75e,
    type: 3}
  m_PrefabInstance: {fileID: 4490795450629501471}
  m_PrefabAsset: {fileID: 0}
--- !u!1001 &7970644624635083570
PrefabInstance:
  m_ObjectHideFlags: 0
  serializedVersion: 2
  m_Modification:
    serializedVersion: 3
    m_TransformParent: {fileID: 7055245110091068060}
    m_Modifications:
    - target: {fileID: 7572970046734380893, guid: b8ba451a950785647842b59477100da4,
        type: 3}
      propertyPath: m_Value
      value: 0
      objectReference: {fileID: 0}
    - target: {fileID: 7572970046745117179, guid: b8ba451a950785647842b59477100da4,
        type: 3}
      propertyPath: m_Name
      value: IngameDebugConsole
      objectReference: {fileID: 0}
    - target: {fileID: 7572970046758986049, guid: b8ba451a950785647842b59477100da4,
        type: 3}
      propertyPath: m_AnchorMax.y
      value: 0
      objectReference: {fileID: 0}
    - target: {fileID: 7572970046758986049, guid: b8ba451a950785647842b59477100da4,
        type: 3}
      propertyPath: m_AnchorMin.y
      value: 0
      objectReference: {fileID: 0}
    - target: {fileID: 7572970046758986049, guid: b8ba451a950785647842b59477100da4,
        type: 3}
      propertyPath: m_SizeDelta.x
      value: 0
      objectReference: {fileID: 0}
    - target: {fileID: 7572970046758986049, guid: b8ba451a950785647842b59477100da4,
        type: 3}
      propertyPath: m_SizeDelta.y
      value: 0
      objectReference: {fileID: 0}
    - target: {fileID: 7572970046758986049, guid: b8ba451a950785647842b59477100da4,
        type: 3}
      propertyPath: m_AnchoredPosition.x
      value: 0
      objectReference: {fileID: 0}
    - target: {fileID: 7572970046758986049, guid: b8ba451a950785647842b59477100da4,
        type: 3}
      propertyPath: m_AnchoredPosition.y
      value: 0
      objectReference: {fileID: 0}
    - target: {fileID: 7572970046758989571, guid: b8ba451a950785647842b59477100da4,
        type: 3}
      propertyPath: m_Pivot.x
      value: 0
      objectReference: {fileID: 0}
    - target: {fileID: 7572970046758989571, guid: b8ba451a950785647842b59477100da4,
        type: 3}
      propertyPath: m_Pivot.y
      value: 0
      objectReference: {fileID: 0}
    - target: {fileID: 7572970046758989571, guid: b8ba451a950785647842b59477100da4,
        type: 3}
      propertyPath: m_RootOrder
      value: 3
      objectReference: {fileID: 0}
    - target: {fileID: 7572970046758989571, guid: b8ba451a950785647842b59477100da4,
        type: 3}
      propertyPath: m_AnchorMax.x
      value: 0
      objectReference: {fileID: 0}
    - target: {fileID: 7572970046758989571, guid: b8ba451a950785647842b59477100da4,
        type: 3}
      propertyPath: m_AnchorMax.y
      value: 0
      objectReference: {fileID: 0}
    - target: {fileID: 7572970046758989571, guid: b8ba451a950785647842b59477100da4,
        type: 3}
      propertyPath: m_AnchorMin.x
      value: 0
      objectReference: {fileID: 0}
    - target: {fileID: 7572970046758989571, guid: b8ba451a950785647842b59477100da4,
        type: 3}
      propertyPath: m_AnchorMin.y
      value: 0
      objectReference: {fileID: 0}
    - target: {fileID: 7572970046758989571, guid: b8ba451a950785647842b59477100da4,
        type: 3}
      propertyPath: m_SizeDelta.x
      value: 0
      objectReference: {fileID: 0}
    - target: {fileID: 7572970046758989571, guid: b8ba451a950785647842b59477100da4,
        type: 3}
      propertyPath: m_SizeDelta.y
      value: 0
      objectReference: {fileID: 0}
    - target: {fileID: 7572970046758989571, guid: b8ba451a950785647842b59477100da4,
        type: 3}
      propertyPath: m_LocalPosition.x
      value: 0
      objectReference: {fileID: 0}
    - target: {fileID: 7572970046758989571, guid: b8ba451a950785647842b59477100da4,
        type: 3}
      propertyPath: m_LocalPosition.y
      value: 0
      objectReference: {fileID: 0}
    - target: {fileID: 7572970046758989571, guid: b8ba451a950785647842b59477100da4,
        type: 3}
      propertyPath: m_LocalPosition.z
      value: 0
      objectReference: {fileID: 0}
    - target: {fileID: 7572970046758989571, guid: b8ba451a950785647842b59477100da4,
        type: 3}
      propertyPath: m_LocalRotation.w
      value: 1
      objectReference: {fileID: 0}
    - target: {fileID: 7572970046758989571, guid: b8ba451a950785647842b59477100da4,
        type: 3}
      propertyPath: m_LocalRotation.x
      value: 0
      objectReference: {fileID: 0}
    - target: {fileID: 7572970046758989571, guid: b8ba451a950785647842b59477100da4,
        type: 3}
      propertyPath: m_LocalRotation.y
      value: 0
      objectReference: {fileID: 0}
    - target: {fileID: 7572970046758989571, guid: b8ba451a950785647842b59477100da4,
        type: 3}
      propertyPath: m_LocalRotation.z
      value: 0
      objectReference: {fileID: 0}
    - target: {fileID: 7572970046758989571, guid: b8ba451a950785647842b59477100da4,
        type: 3}
      propertyPath: m_AnchoredPosition.x
      value: 0
      objectReference: {fileID: 0}
    - target: {fileID: 7572970046758989571, guid: b8ba451a950785647842b59477100da4,
        type: 3}
      propertyPath: m_AnchoredPosition.y
      value: 0
      objectReference: {fileID: 0}
    - target: {fileID: 7572970046758989571, guid: b8ba451a950785647842b59477100da4,
        type: 3}
      propertyPath: m_LocalEulerAnglesHint.x
      value: 0
      objectReference: {fileID: 0}
    - target: {fileID: 7572970046758989571, guid: b8ba451a950785647842b59477100da4,
        type: 3}
      propertyPath: m_LocalEulerAnglesHint.y
      value: 0
      objectReference: {fileID: 0}
    - target: {fileID: 7572970046758989571, guid: b8ba451a950785647842b59477100da4,
        type: 3}
      propertyPath: m_LocalEulerAnglesHint.z
      value: 0
      objectReference: {fileID: 0}
    - target: {fileID: 7572970046759001443, guid: b8ba451a950785647842b59477100da4,
        type: 3}
      propertyPath: m_AnchorMax.y
      value: 0
      objectReference: {fileID: 0}
    - target: {fileID: 7572970046759001443, guid: b8ba451a950785647842b59477100da4,
        type: 3}
      propertyPath: m_AnchorMin.y
      value: 0
      objectReference: {fileID: 0}
    - target: {fileID: 7572970046759001443, guid: b8ba451a950785647842b59477100da4,
        type: 3}
      propertyPath: m_SizeDelta.x
      value: 0
      objectReference: {fileID: 0}
    - target: {fileID: 7572970046759001443, guid: b8ba451a950785647842b59477100da4,
        type: 3}
      propertyPath: m_SizeDelta.y
      value: 0
      objectReference: {fileID: 0}
    - target: {fileID: 7572970046759001443, guid: b8ba451a950785647842b59477100da4,
        type: 3}
      propertyPath: m_AnchoredPosition.x
      value: 0
      objectReference: {fileID: 0}
    - target: {fileID: 7572970046759001443, guid: b8ba451a950785647842b59477100da4,
        type: 3}
      propertyPath: m_AnchoredPosition.y
      value: 0
      objectReference: {fileID: 0}
    - target: {fileID: 7572970046759024035, guid: b8ba451a950785647842b59477100da4,
        type: 3}
      propertyPath: m_AnchorMax.x
      value: 0
      objectReference: {fileID: 0}
    - target: {fileID: 7572970046759024035, guid: b8ba451a950785647842b59477100da4,
        type: 3}
      propertyPath: m_AnchorMax.y
      value: 0
      objectReference: {fileID: 0}
    - target: {fileID: 7572970046759025019, guid: b8ba451a950785647842b59477100da4,
        type: 3}
      propertyPath: m_AnchorMax.y
      value: 0
      objectReference: {fileID: 0}
    - target: {fileID: 7572970046759025019, guid: b8ba451a950785647842b59477100da4,
        type: 3}
      propertyPath: m_AnchorMin.y
      value: 0
      objectReference: {fileID: 0}
    - target: {fileID: 7572970046759025019, guid: b8ba451a950785647842b59477100da4,
        type: 3}
      propertyPath: m_SizeDelta.x
      value: 0
      objectReference: {fileID: 0}
    - target: {fileID: 7572970046759025019, guid: b8ba451a950785647842b59477100da4,
        type: 3}
      propertyPath: m_SizeDelta.y
      value: 0
      objectReference: {fileID: 0}
    - target: {fileID: 7572970046759025019, guid: b8ba451a950785647842b59477100da4,
        type: 3}
      propertyPath: m_AnchoredPosition.x
      value: 0
      objectReference: {fileID: 0}
    - target: {fileID: 7572970046759025019, guid: b8ba451a950785647842b59477100da4,
        type: 3}
      propertyPath: m_AnchoredPosition.y
      value: 0
      objectReference: {fileID: 0}
    - target: {fileID: 7572970046759084573, guid: b8ba451a950785647842b59477100da4,
        type: 3}
      propertyPath: m_AnchorMax.y
      value: 0
      objectReference: {fileID: 0}
    - target: {fileID: 7572970046759084573, guid: b8ba451a950785647842b59477100da4,
        type: 3}
      propertyPath: m_AnchorMin.y
      value: 0
      objectReference: {fileID: 0}
    - target: {fileID: 7572970046759084573, guid: b8ba451a950785647842b59477100da4,
        type: 3}
      propertyPath: m_SizeDelta.x
      value: 0
      objectReference: {fileID: 0}
    - target: {fileID: 7572970046759084573, guid: b8ba451a950785647842b59477100da4,
        type: 3}
      propertyPath: m_SizeDelta.y
      value: 0
      objectReference: {fileID: 0}
    - target: {fileID: 7572970046759084573, guid: b8ba451a950785647842b59477100da4,
        type: 3}
      propertyPath: m_AnchoredPosition.x
      value: 0
      objectReference: {fileID: 0}
    - target: {fileID: 7572970046759084573, guid: b8ba451a950785647842b59477100da4,
        type: 3}
      propertyPath: m_AnchoredPosition.y
      value: 0
      objectReference: {fileID: 0}
    - target: {fileID: 7572970046759093647, guid: b8ba451a950785647842b59477100da4,
        type: 3}
      propertyPath: m_AnchorMax.y
      value: 0
      objectReference: {fileID: 0}
    - target: {fileID: 7572970046759093647, guid: b8ba451a950785647842b59477100da4,
        type: 3}
      propertyPath: m_AnchorMin.y
      value: 0
      objectReference: {fileID: 0}
    - target: {fileID: 7572970046759093647, guid: b8ba451a950785647842b59477100da4,
        type: 3}
      propertyPath: m_SizeDelta.x
      value: 0
      objectReference: {fileID: 0}
    - target: {fileID: 7572970046759093647, guid: b8ba451a950785647842b59477100da4,
        type: 3}
      propertyPath: m_SizeDelta.y
      value: 0
      objectReference: {fileID: 0}
    - target: {fileID: 7572970046759093647, guid: b8ba451a950785647842b59477100da4,
        type: 3}
      propertyPath: m_AnchoredPosition.x
      value: 0
      objectReference: {fileID: 0}
    - target: {fileID: 7572970046759093647, guid: b8ba451a950785647842b59477100da4,
        type: 3}
      propertyPath: m_AnchoredPosition.y
      value: 0
      objectReference: {fileID: 0}
    - target: {fileID: 7639865879627742277, guid: b8ba451a950785647842b59477100da4,
        type: 3}
      propertyPath: m_AnchorMax.y
      value: 0
      objectReference: {fileID: 0}
    - target: {fileID: 7639865879627742277, guid: b8ba451a950785647842b59477100da4,
        type: 3}
      propertyPath: m_AnchorMin.y
      value: 0
      objectReference: {fileID: 0}
    - target: {fileID: 7639865879627742277, guid: b8ba451a950785647842b59477100da4,
        type: 3}
      propertyPath: m_SizeDelta.x
      value: 0
      objectReference: {fileID: 0}
    - target: {fileID: 7639865879627742277, guid: b8ba451a950785647842b59477100da4,
        type: 3}
      propertyPath: m_SizeDelta.y
      value: 0
      objectReference: {fileID: 0}
    - target: {fileID: 7639865879627742277, guid: b8ba451a950785647842b59477100da4,
        type: 3}
      propertyPath: m_AnchoredPosition.x
      value: 0
      objectReference: {fileID: 0}
    - target: {fileID: 7639865879627742277, guid: b8ba451a950785647842b59477100da4,
        type: 3}
      propertyPath: m_AnchoredPosition.y
      value: 0
      objectReference: {fileID: 0}
    - target: {fileID: 7639963407867915435, guid: b8ba451a950785647842b59477100da4,
        type: 3}
      propertyPath: m_AnchorMax.y
      value: 0
      objectReference: {fileID: 0}
    - target: {fileID: 7639963407867915435, guid: b8ba451a950785647842b59477100da4,
        type: 3}
      propertyPath: m_AnchorMin.y
      value: 0
      objectReference: {fileID: 0}
    - target: {fileID: 7639963407867915435, guid: b8ba451a950785647842b59477100da4,
        type: 3}
      propertyPath: m_SizeDelta.x
      value: 0
      objectReference: {fileID: 0}
    - target: {fileID: 7639963407867915435, guid: b8ba451a950785647842b59477100da4,
        type: 3}
      propertyPath: m_SizeDelta.y
      value: 0
      objectReference: {fileID: 0}
    - target: {fileID: 7639963407867915435, guid: b8ba451a950785647842b59477100da4,
        type: 3}
      propertyPath: m_AnchoredPosition.x
      value: 0
      objectReference: {fileID: 0}
    - target: {fileID: 7639963407867915435, guid: b8ba451a950785647842b59477100da4,
        type: 3}
      propertyPath: m_AnchoredPosition.y
      value: 0
      objectReference: {fileID: 0}
    m_RemovedComponents: []
    m_RemovedGameObjects: []
    m_AddedGameObjects: []
    m_AddedComponents: []
  m_SourcePrefab: {fileID: 100100000, guid: b8ba451a950785647842b59477100da4, type: 3}
--- !u!224 &542106700773987377 stripped
RectTransform:
  m_CorrespondingSourceObject: {fileID: 7572970046758989571, guid: b8ba451a950785647842b59477100da4,
    type: 3}
  m_PrefabInstance: {fileID: 7970644624635083570}
  m_PrefabAsset: {fileID: 0}
--- !u!1001 &8835155354223846364
PrefabInstance:
  m_ObjectHideFlags: 0
  serializedVersion: 2
  m_Modification:
    serializedVersion: 3
    m_TransformParent: {fileID: 7055245110091068060}
    m_Modifications:
    - target: {fileID: 5727738197150775523, guid: 30a167fbbae9bbc46b3499cf38f217e5,
        type: 3}
      propertyPath: m_RootOrder
      value: 4
      objectReference: {fileID: 0}
    - target: {fileID: 5727738197150775523, guid: 30a167fbbae9bbc46b3499cf38f217e5,
        type: 3}
      propertyPath: m_LocalPosition.x
      value: 714.4
      objectReference: {fileID: 0}
    - target: {fileID: 5727738197150775523, guid: 30a167fbbae9bbc46b3499cf38f217e5,
        type: 3}
      propertyPath: m_LocalPosition.y
      value: -92
      objectReference: {fileID: 0}
    - target: {fileID: 5727738197150775523, guid: 30a167fbbae9bbc46b3499cf38f217e5,
        type: 3}
      propertyPath: m_LocalPosition.z
      value: 471.7
      objectReference: {fileID: 0}
    - target: {fileID: 5727738197150775523, guid: 30a167fbbae9bbc46b3499cf38f217e5,
        type: 3}
      propertyPath: m_LocalRotation.w
      value: 1
      objectReference: {fileID: 0}
    - target: {fileID: 5727738197150775523, guid: 30a167fbbae9bbc46b3499cf38f217e5,
        type: 3}
      propertyPath: m_LocalRotation.x
      value: 0
      objectReference: {fileID: 0}
    - target: {fileID: 5727738197150775523, guid: 30a167fbbae9bbc46b3499cf38f217e5,
        type: 3}
      propertyPath: m_LocalRotation.y
      value: 0
      objectReference: {fileID: 0}
    - target: {fileID: 5727738197150775523, guid: 30a167fbbae9bbc46b3499cf38f217e5,
        type: 3}
      propertyPath: m_LocalRotation.z
      value: 0
      objectReference: {fileID: 0}
    - target: {fileID: 5727738197150775523, guid: 30a167fbbae9bbc46b3499cf38f217e5,
        type: 3}
      propertyPath: m_LocalEulerAnglesHint.x
      value: 0
      objectReference: {fileID: 0}
    - target: {fileID: 5727738197150775523, guid: 30a167fbbae9bbc46b3499cf38f217e5,
        type: 3}
      propertyPath: m_LocalEulerAnglesHint.y
      value: 0
      objectReference: {fileID: 0}
    - target: {fileID: 5727738197150775523, guid: 30a167fbbae9bbc46b3499cf38f217e5,
        type: 3}
      propertyPath: m_LocalEulerAnglesHint.z
      value: 0
      objectReference: {fileID: 0}
    - target: {fileID: 5727738197150775546, guid: 30a167fbbae9bbc46b3499cf38f217e5,
        type: 3}
      propertyPath: m_Name
      value: Player
      objectReference: {fileID: 0}
    m_RemovedComponents:
    - {fileID: 5727738197150775521, guid: 30a167fbbae9bbc46b3499cf38f217e5, type: 3}
    - {fileID: 5727738197150775520, guid: 30a167fbbae9bbc46b3499cf38f217e5, type: 3}
    - {fileID: 5727738197150775551, guid: 30a167fbbae9bbc46b3499cf38f217e5, type: 3}
    - {fileID: 5727738197150775550, guid: 30a167fbbae9bbc46b3499cf38f217e5, type: 3}
    - {fileID: 5727738197150775529, guid: 30a167fbbae9bbc46b3499cf38f217e5, type: 3}
    - {fileID: 5727738197150775530, guid: 30a167fbbae9bbc46b3499cf38f217e5, type: 3}
    m_RemovedGameObjects: []
    m_AddedGameObjects: []
    m_AddedComponents: []
  m_SourcePrefab: {fileID: 100100000, guid: 30a167fbbae9bbc46b3499cf38f217e5, type: 3}
--- !u!4 &3882601442766003007 stripped
Transform:
  m_CorrespondingSourceObject: {fileID: 5727738197150775523, guid: 30a167fbbae9bbc46b3499cf38f217e5,
    type: 3}
  m_PrefabInstance: {fileID: 8835155354223846364}
  m_PrefabAsset: {fileID: 0}
