%YAML 1.1
%TAG !u! tag:unity3d.com,2011:
--- !u!1 &205876523628460747
GameObject:
  m_ObjectHideFlags: 0
  m_CorrespondingSourceObject: {fileID: 0}
  m_PrefabInstance: {fileID: 0}
  m_PrefabAsset: {fileID: 0}
  serializedVersion: 6
  m_Component:
  - component: {fileID: 205876523628460741}
  - component: {fileID: 205876523628460746}
  - component: {fileID: 205876523628460740}
  - component: {fileID: 205876523628460743}
  - component: {fileID: 205876523628460742}
  - component: {fileID: 7108973091474329464}
  - component: {fileID: 3934025237297668053}
  m_Layer: 0
  m_Name: GUISuperObject
  m_TagString: Untagged
  m_Icon: {fileID: 0}
  m_NavMeshLayer: 0
  m_StaticEditorFlags: 0
  m_IsActive: 1
--- !u!4 &205876523628460741
Transform:
  m_ObjectHideFlags: 0
  m_CorrespondingSourceObject: {fileID: 0}
  m_PrefabInstance: {fileID: 0}
  m_PrefabAsset: {fileID: 0}
  m_GameObject: {fileID: 205876523628460747}
  m_LocalRotation: {x: 0, y: 0, z: 0, w: 1}
  m_LocalPosition: {x: 724.0614, y: -87.81574, z: 441.5112}
  m_LocalScale: {x: 1, y: 1, z: 1}
  m_ConstrainProportionsScale: 0
  m_Children: []
  m_Father: {fileID: 0}
  m_RootOrder: 0
  m_LocalEulerAnglesHint: {x: 0, y: 0, z: 0}
--- !u!114 &205876523628460746
MonoBehaviour:
  m_ObjectHideFlags: 0
  m_CorrespondingSourceObject: {fileID: 0}
  m_PrefabInstance: {fileID: 0}
  m_PrefabAsset: {fileID: 0}
  m_GameObject: {fileID: 205876523628460747}
  m_Enabled: 0
  m_EditorHideFlags: 0
  m_Script: {fileID: 11500000, guid: 3bad866624c68334b8bd0a6bff2d4b42, type: 3}
  m_Name: 
  m_EditorClassIdentifier: 
  playerCountersTexture: {fileID: 2800000, guid: 41ec8f826b20deb46a3ebc3b92272531,
    type: 3}
--- !u!114 &205876523628460740
MonoBehaviour:
  m_ObjectHideFlags: 0
  m_CorrespondingSourceObject: {fileID: 0}
  m_PrefabInstance: {fileID: 0}
  m_PrefabAsset: {fileID: 0}
  m_GameObject: {fileID: 205876523628460747}
  m_Enabled: 0
  m_EditorHideFlags: 0
  m_Script: {fileID: 11500000, guid: aeab2ad893da86e41aac2fc23a348d5d, type: 3}
  m_Name: 
  m_EditorClassIdentifier: 
  playerScoreCounterTexture: {fileID: 2800000, guid: 954c98c8050873c4bb003e6faf80bcbb,
    type: 3}
--- !u!114 &205876523628460743
MonoBehaviour:
  m_ObjectHideFlags: 0
  m_CorrespondingSourceObject: {fileID: 0}
  m_PrefabInstance: {fileID: 0}
  m_PrefabAsset: {fileID: 0}
  m_GameObject: {fileID: 205876523628460747}
  m_Enabled: 0
  m_EditorHideFlags: 0
  m_Script: {fileID: 11500000, guid: 7db9b2588e95fd048a0dd8aa982f4f34, type: 3}
  m_Name: 
  m_EditorClassIdentifier: 
  texture: {fileID: 2800000, guid: 954c98c8050873c4bb003e6faf80bcbb, type: 3}
  srcWidth: 0
  srcHeight: 0
  srcX: 0
  srcY: 0
--- !u!114 &205876523628460742
MonoBehaviour:
  m_ObjectHideFlags: 0
  m_CorrespondingSourceObject: {fileID: 0}
  m_PrefabInstance: {fileID: 0}
  m_PrefabAsset: {fileID: 0}
  m_GameObject: {fileID: 205876523628460747}
  m_Enabled: 1
  m_EditorHideFlags: 0
  m_Script: {fileID: 11500000, guid: 9bdd2f1aadab84941bc4eafc48208fd7, type: 3}
  m_Name: 
  m_EditorClassIdentifier: 
  targetShootSightCircle: {fileID: 2800000, guid: 538814047c7c43f4f9d6df921c53755f,
    type: 3}
  targetShootSightRightArrow: {fileID: 2800000, guid: 9156e970bbf10d04eb8e016c868e3813,
    type: 3}
  targetShootSightLeftArrow: {fileID: 2800000, guid: b4f779a78029737409960d1489ac1534,
    type: 3}
  targetShootSightStraightArrow: {fileID: 2800000, guid: 0d45d20949d77fb48bc6b86dad1c75cb,
    type: 3}
--- !u!114 &7108973091474329464
MonoBehaviour:
  m_ObjectHideFlags: 0
  m_CorrespondingSourceObject: {fileID: 0}
  m_PrefabInstance: {fileID: 0}
  m_PrefabAsset: {fileID: 0}
  m_GameObject: {fileID: 205876523628460747}
  m_Enabled: 0
  m_EditorHideFlags: 0
  m_Script: {fileID: 11500000, guid: f3c3c5c61b94fbe42bb4aea932f980dd, type: 3}
  m_Name: 
  m_EditorClassIdentifier: 
--- !u!114 &3934025237297668053
MonoBehaviour:
  m_ObjectHideFlags: 0
  m_CorrespondingSourceObject: {fileID: 0}
  m_PrefabInstance: {fileID: 0}
  m_PrefabAsset: {fileID: 0}
  m_GameObject: {fileID: 205876523628460747}
  m_Enabled: 1
  m_EditorHideFlags: 0
  m_Script: {fileID: 11500000, guid: 90b57217614be064a95757069578253b, type: 3}
  m_Name: 
  m_EditorClassIdentifier: 
  primaryCursor: {fileID: 2800000, guid: b3ccbb2f821dc614aad1e408ff05bd6d, type: 3}
  focusCursor: {fileID: 2800000, guid: 1e5f1dfd71f4d374ea6870796d670008, type: 3}
